%% This BibTeX bibliography file was created using BibDesk.
%% http://bibdesk.sourceforge.net/


%% Created for Ivan Z. G. Siu at 2012-05-08 11:11:36 -0500 


%% Saved with string encoding Unicode (UTF-8) 



@inproceedings{lowe1999object,
	Author = {Lowe, D.G.},
	Booktitle = {Computer Vision, 1999. The Proceedings of the Seventh IEEE International Conference on},
	Date-Added = {2012-05-08 16:09:26 +0000},
	Date-Modified = {2012-05-08 16:09:26 +0000},
	Organization = {Ieee},
	Pages = {1150--1157},
	Title = {Object recognition from local scale-invariant features},
	Volume = {2},
	Year = {1999}}
